<?xml version="1.0" encoding="utf-8"?>
<record xmlns="http://www.loc.gov/MARC21/slim" xmlns:xsi="http://www.w3.org/2001/XMLSchema-instance" xsi:schemaLocation="http://www.loc.gov/MARC21/slim http://www.loc.gov/standards/marcxml/schema/MARC21slim.xsd">
	<leader>     nam a22        4500</leader>
	<controlfield tag="001">644804</controlfield>
	<controlfield tag="003">NNC</controlfield>
	<controlfield tag="006">m        d        </controlfield>
	<controlfield tag="007">cr cn |||m|||a</controlfield>
	<controlfield tag="008">160519m19311934ua      o     000 0 ara d</controlfield>
	<datafield ind1=" " ind2=" " tag="040">
		<subfield code="a">NNU</subfield>
		<subfield code="b">eng</subfield>
		<subfield code="e">rda</subfield>
		<subfield code="c">NNU</subfield>
	</datafield>
	<datafield ind1="1" ind2=" " tag="100">
		<subfield code="6">880-01</subfield>
		<subfield code="a">Dasūqī, Muḥammad ibn Aḥmad ibn ʻArafah,</subfield>
		<subfield code="d">-1815.</subfield>
	</datafield>
	<datafield ind1="1" ind2="0" tag="245">
		<subfield code="6">880-02</subfield>
		<subfield code="a">Ḥāshiyat al-Dasūqī ʻalá al-Sharḥ al-kabīr /</subfield>
		<subfield code="c">li-Shams al-Dīn Muḥammad ʻArafah al-Dasūqī ; ʻalá al-Sharḥ al-kabīr li-Abī al-Barakāt Aḥmad al-Dardīr. Wa-bi-hāmishihi al-sharḥ al-madhkūr maʻataqrīrāt li-Muḥammad ʻIllaysh.</subfield>
	</datafield>
	<datafield ind1=" " ind2=" " tag="260">
		<subfield code="6">880-03</subfield>
		<subfield code="a">Miṣr :</subfield>
		<subfield code="b">al-Maṭbaʻah al-Azhariyah,</subfield>
		<subfield code="c">1931-1934.</subfield>
	</datafield>
	<datafield ind1=" " ind2=" " tag="300">
		<subfield code="a">online resource (4 volumes)</subfield>
	</datafield>
	<datafield ind1=" " ind2=" " tag="336">
		<subfield code="a">text</subfield>
		<subfield code="2">rdacontent</subfield>
	</datafield>
	<datafield ind1=" " ind2=" " tag="337">
		<subfield code="a">computer</subfield>
		<subfield code="2">rdamedia</subfield>
	</datafield>
	<datafield ind1=" " ind2=" " tag="338">
		<subfield code="a">online resource</subfield>
		<subfield code="2">rdacarrier</subfield>
	</datafield>
	<datafield ind1=" " ind2=" " tag="500">
		<subfield code="a">Includes the Mukhtaṣar of Khalīl ibn Isḥāq al-Jundī.</subfield>
	</datafield>
	<datafield ind1=" " ind2=" " tag="500">
		<subfield code="a">Part of the Arabic Collections Online (ACO) project, contributed by Columbia University Libraries.</subfield>
	</datafield>
	<datafield ind1=" " ind2=" " tag="533">
		<subfield code="a">Electronic reproduction.</subfield>
		<subfield code="b">New York, N.Y. :</subfield>
		<subfield code="c">New York University,</subfield>
		<subfield code="d">2016.</subfield>
		<subfield code="5">NNU</subfield>
	</datafield>
	<datafield ind1="1" ind2="0" tag="600">
		<subfield code="6">880-04</subfield>
		<subfield code="a">Dardīr, Aḥmad ibn Muḥammad,</subfield>
		<subfield code="d">1715-1786.</subfield>
		<subfield code="t">Sharḥ mukhtaṣar ʻalá al-Mukhtaṣar.</subfield>
	</datafield>
	<datafield ind1=" " ind2="0" tag="650">
		<subfield code="a">Islamic law.</subfield>
	</datafield>
	<datafield ind1=" " ind2="0" tag="650">
		<subfield code="a">Malikites.</subfield>
	</datafield>
	<datafield ind1="0" ind2="7" tag="630">
		<subfield code="a">Sharḥ mukhtaṣar ʻalá al-Mukhtaṣar (Dardīr, Aḥmad ibn Muḥammad)</subfield>
		<subfield code="2">fast</subfield>
		<subfield code="0">(OCoLC)fst01370430</subfield>
	</datafield>
	<datafield ind1=" " ind2="7" tag="650">
		<subfield code="a">Islamic law.</subfield>
		<subfield code="2">fast</subfield>
		<subfield code="0">(OCoLC)fst00979949</subfield>
	</datafield>
	<datafield ind1=" " ind2="7" tag="650">
		<subfield code="a">Malikites.</subfield>
		<subfield code="2">fast</subfield>
		<subfield code="0">(OCoLC)fst01006724</subfield>
	</datafield>
	<datafield ind1="1" ind2=" " tag="700">
		<subfield code="6">880-05</subfield>
		<subfield code="a">ʻIllaysh, Muḥammad ibn Aḥmad,</subfield>
		<subfield code="d">1802-1882.</subfield>
	</datafield>
	<datafield ind1="1" ind2=" " tag="700">
		<subfield code="6">880-06</subfield>
		<subfield code="a">Dardīr, Aḥmad ibn Muḥammad,</subfield>
		<subfield code="d">1715-1786.</subfield>
		<subfield code="t">Sharḥ mukhtaṣar ʻalá al-Mukhtaṣar.</subfield>
	</datafield>
	<datafield ind1="0" ind2=" " tag="700">
		<subfield code="6">880-07</subfield>
		<subfield code="a">Khalīl ibn Isḥāq al-Jundī,</subfield>
		<subfield code="d">-1365?</subfield>
		<subfield code="t">Mukhtaṣar.</subfield>
	</datafield>
	<datafield ind1="2" ind2=" " tag="710">
		<subfield code="a">Columbia University.</subfield>
		<subfield code="b">Libraries.</subfield>
	</datafield>
	<datafield ind1="0" ind2=" " tag="730">
		<subfield code="a">Arabic Collections Online.</subfield>
	</datafield>
	<datafield ind1="0" ind2="8" tag="776">
		<subfield code="i">Print version:</subfield>
		<subfield code="a">Dasūqī, Muḥammad ibn Aḥmad ibn ʻArafah, -1815.</subfield>
		<subfield code="t">Ḥāshiyat al-Dasūqī ʻalá al-Sharḥ al-kabīr</subfield>
		<subfield code="w">(NNC)644804</subfield>
		<subfield code="w">(OCoLC)62398356</subfield>
	</datafield>
	<datafield ind1="4" ind2="0" tag="856">
		<subfield code="u">http://hdl.handle.net/2333.1/vhhmgtt3</subfield>
	</datafield>
	<datafield ind1="1" ind2=" " tag="880">
		<subfield code="6">100-01/r</subfield>
		<subfield code="a">دسوقي، محمد بن احمد بن عرفة،</subfield>
		<subfield code="d">-1815.</subfield>
	</datafield>
	<datafield ind1="1" ind2="0" tag="880">
		<subfield code="6">245-02/r</subfield>
		<subfield code="a">حاشية الدسوقي على الشرح الكبير /</subfield>
		<subfield code="c">لشمس الدين محمد عرفة الدسوقي ؛ على الشرح الكبير لابي البركات احمد الدردير. وبهامشه الشرح المذكور معتقريرات لمحمد عاليش.</subfield>
	</datafield>
	<datafield ind1=" " ind2=" " tag="880">
		<subfield code="6">260-03/r</subfield>
		<subfield code="a">مصر :</subfield>
		<subfield code="b">المطبعة الازهرية،</subfield>
		<subfield code="c">1931-1934.</subfield>
	</datafield>
	<datafield ind1="1" ind2="0" tag="880">
		<subfield code="6">600-04/r</subfield>
		<subfield code="a">دردير، احمد بن محمد،</subfield>
		<subfield code="d">1715-1786.</subfield>
		<subfield code="t">شرح مختصر على المختصر.</subfield>
	</datafield>
	<datafield ind1="1" ind2=" " tag="880">
		<subfield code="6">700-05/r</subfield>
		<subfield code="a">عاليش، محمد بن احمد،</subfield>
		<subfield code="d">1802-1882.</subfield>
	</datafield>
	<datafield ind1="1" ind2=" " tag="880">
		<subfield code="6">700-06/r</subfield>
		<subfield code="a">دردير، احمد بن محمد،</subfield>
		<subfield code="d">1715-1786.</subfield>
		<subfield code="t">شرح مختصر على المختصر.</subfield>
	</datafield>
	<datafield ind1="0" ind2=" " tag="880">
		<subfield code="6">700-07/r</subfield>
		<subfield code="a">خليل بن اسحاق الجندي،</subfield>
		<subfield code="d">-1365؟</subfield>
		<subfield code="t">مختصر.</subfield>
	</datafield>
	<datafield ind1=" " ind2=" " tag="959">
		<subfield code="a">NNU</subfield>
		<subfield code="b">WEB</subfield>
		<subfield code="c">GENI</subfield>
		<subfield code="t">0</subfield>
		<subfield code="m">Electronic access</subfield>
		<subfield code="s">01</subfield>
	</datafield>
	<datafield ind1=" " ind2=" " tag="999">
		<subfield code="i">NNC_644804</subfield>
		<subfield code="o">(OCoLC)ocm62398356</subfield>
		<subfield code="s">columbia_aco001397:v.1</subfield>
		<subfield code="s">columbia_aco001396:v.2</subfield>
		<subfield code="s">columbia_aco001395:v.3</subfield>
		<subfield code="s">columbia_aco001398:v.4</subfield>
		<subfield code="e">(ERROR-880)</subfield>
		<subfield code="s">columbia_aco001397:v.1</subfield>
		<subfield code="s">columbia_aco001396:v.2</subfield>
		<subfield code="s">columbia_aco001395:v.3</subfield>
		<subfield code="s">columbia_aco001398:v.4</subfield>
	</datafield>
</record>
